@phdthesis{jamil2018phdthesis,
  title={Regression modelling using priors depending on Fisher information covariance kernels (I-priors)},
  author={Haziq Jamil},
  school={London School of Economics and Political Science},
  year=2018,
  month=10
}

@article{bergsma2019,
  Author = {Wicher Bergsma},
  Doi = {10.1016/j.ecosta.2019.10.002},
  Journal = {Journal of Econometrics and Statistics},
  Title = {Regression with I-priors},
  Year = {2019}}

@book{berlinet2011reproducing,
  Address = {Boston, MA},
  Author = {Berlinet, Alain and Thomas-Agnan, Christine},
  Date-Modified = {2018-06-23 10:22:30 pm +0000},
  Doi = {10.1007/978-1-4419-9096-9},
  Isbn = {978-1-4613-4792-7},
  Publisher = {Springer},
  Title = {Reproducing Kernel Hilbert Spaces in Probability and Statistics},
  Year = {2004},
  Bdsk-Url-1 = {https://doi.org/10.1007/978-1-4419-9096-9}}

@book{mccullagh1989,
  Author = {Peter McCullagh and John A. Nelder},
  Date-Modified = {2018-06-06 8:40:23 pm +0000},
  Edition = {2},
  Isbn = {978-0-412-31760-6},
  Publisher = {Chapman \& Hall/CRC},
  Title = {Generalized Linear Models},
  Year = {1989}}

@article{breslow1993approximate,
  Author = {Breslow, Norman E. and Clayton, David G.},
  Date-Modified = {2018-06-06 4:42:00 pm +0000},
  Doi = {10.2307/2290687},
  Journal = {Journal of the American Statistical Association},
  Number = {421},
  Pages = {9--25},
  Publisher = {Taylor \& Francis Group},
  Title = {Approximate Inference in Generalized Linear Mixed Models},
  Volume = {88},
  Year = {1993},
  Bdsk-Url-1 = {https://doi.org/10.2307/2290687}}

@article{mcculloch2000bayesian,
  Author = {McCulloch, Robert E. and Polson, Nicholas G. and Rossi, Peter E.},
  Date-Modified = {2018-06-06 9:01:30 pm +0000},
  Doi = {10.1016/S0304-4076(00)00034-8},
  Journal = {Journal of Econometrics},
  Number = {1},
  Pages = {173--193},
  Publisher = {Elsevier},
  Title = {A Bayesian analysis of the multinomial probit model with fully identified parameters},
  Volume = {99},
  Year = {2000},
  Bdsk-Url-1 = {https://doi.org/10.1016/S0304-4076(00)00034-8}}

@inproceedings{neal1999,
  Author = {Neal, Radford M.},
  Booktitle = {Bayesian Statistics 6},
  Booktitleaddon = {Proceedings of the Sixth Valencia International Meeting},
  Date-Modified = {2018-06-06 10:46:00 pm +0000},
  Editor = {Jos{\'e} M. Bernardo and James O. Berger and A. Philip Dawid and Adrian F. M. Smith},
  Isbn = {978-0-19-850485-6},
  Pages = {475--501},
  Publisher = {Oxford University Press},
  Title = {Regression and Classification using Gaussian Process Priors},
  Year = {1999}}

@book{rasmussen2006gaussian,
  Author = {Rasmussen, Carl Edward and Williams, Christopher K. I.},
  Date-Modified = {2018-06-06 11:16:55 pm +0000},
  Isbn = {0-262-18253-X},
  Publisher = {The MIT Press},
  Title = {Gaussian Processes for Machine Learning},
  Url = {http://www.gaussianprocess.org/gpml/},
  Year = {2006},
  Bdsk-Url-1 = {http://www.gaussianprocess.org/gpml/}}